
@misc{fyrecloud_solutions_fyrecloud_????,
	title = {{fyreCloud} Solutions : The amsler project},
	url = {http://fyrecloud.com/amsler},
	urldate = {2012-11-29},
	author = {{{fyreCloud} Solutions}},
	howpublished = {http://fyrecloud.com/amsler},
	file = {fyreCloud Solutions ::/home/anthony/.zotero/zotero/hhbnqib2.default/zotero/storage/ZJPGMRTU/amsler.html:text/html}
},

@misc{microsoft_database_????,
	title = {Database Mirroring ({SQL} Server)},
	url = {http://msdn.microsoft.com/en-us/library/ms189852.aspx},
	urldate = {2012-11-29},
	author = {{Microsoft}},
	howpublished = {http://msdn.microsoft.com/en-us/library/ms189852.aspx},
	file = {Database Mirroring (SQL Server):/home/anthony/.zotero/zotero/hhbnqib2.default/zotero/storage/D4Z5TJH3/ms189852.html:text/html}
},

@misc{mysql_mysql_????,
	title = {{MySQL} :: {MySQL} 5.1 Reference Manual :: 16 Replication},
	url = {http://dev.mysql.com/doc/refman/5.1/en/replication.html},
	urldate = {2012-11-29},
	author = {{{MySQL}}},
	howpublished = {http://dev.mysql.com/doc/refman/5.1/en/replication.html},
	file = {MySQL :: MySQL 5.1 Reference Manual :: 16 Replication:/home/anthony/.zotero/zotero/hhbnqib2.default/zotero/storage/RM6Q99RP/replication.html:text/html}
},

@misc{_mysql_????,
	title = {{MySQL} :: {MySQL} 5.1 Reference Manual :: 8.8.1 Make Your Data as Small as Possible},
	url = {http://dev.mysql.com/doc/refman/5.1/en/data-size.html},
	urldate = {2012-12-01},
	howpublished = {http://dev.mysql.com/doc/refman/5.1/en/data-size.html},
	file = {MySQL :: MySQL 5.1 Reference Manual :: 8.8.1 Make Your Data as Small as Possible:/home/anthony/.zotero/zotero/hhbnqib2.default/zotero/storage/XHQTWKHT/data-size.html:text/html}
},

@misc{_mysql_????-1,
	title = {{MySQL} :: {MySQL} 5.5 Reference Manual :: 5.1.6 Server Status Variables},
	url = {http://dev.mysql.com/doc/refman/5.5/en/server-status-variables.html#statvar_Innodb_page_size},
	urldate = {2012-12-01},
	howpublished = {http://dev.mysql.com/doc/refman/5.5/en/server-status-{variables.html\#statvar\_Innodb\_page\_size}},
	file = {MySQL :: MySQL 5.5 Reference Manual :: 5.1.6 Server Status Variables:/home/anthony/.zotero/zotero/hhbnqib2.default/zotero/storage/EIR7VXIG/server-status-variables.html:text/html}
},

@misc{mark_story_using_????,
	title = {Using bitmasks to indicate status},
	url = {http://mark-story.com/posts/view/using-bitmasks-to-indicate-status},
	urldate = {2012-12-01},
	author = {{Mark Story}},
	howpublished = {http://mark-story.com/posts/view/using-bitmasks-to-indicate-status},
	file = {Using bitmasks to indicate status | Mark Story:/home/anthony/.zotero/zotero/hhbnqib2.default/zotero/storage/JTQE7XTG/using-bitmasks-to-indicate-status.html:text/html}
},

@misc{_oauth_????,
	title = {{OAuth} Community Site},
	url = {http://oauth.net/},
	urldate = {2012-12-01},
	howpublished = {http://oauth.net/},
	file = {OAuth Community Site:/home/anthony/.zotero/zotero/hhbnqib2.default/zotero/storage/5IP2CUT3/oauth.net.html:text/html}
},

@misc{matuschak_andymatuschak/sparkle_????,
	title = {{andymatuschak/Sparkle} Wiki · {GitHub}},
	url = {https://github.com/andymatuschak/Sparkle/wiki},
	urldate = {2012-12-24},
	author = {Matuschak, Andy},
	howpublished = {{https://github.com/andymatuschak/Sparkle/wiki}},
	file = {Home · andymatuschak/Sparkle Wiki · GitHub:/home/anthony/.zotero/zotero/hhbnqib2.default/zotero/storage/MFG4F6XP/wiki.html:text/html}
},

@misc{connected_flow_connected_????,
	title = {Connected Flow - Appcasting},
	url = {http://connectedflow.com/appcasting/},
	urldate = {2012-12-24},
	author = {{Connected Flow}},
	howpublished = {http://connectedflow.com/appcasting/},
	file = {Connected Flow - Appcasting:/home/anthony/.zotero/zotero/hhbnqib2.default/zotero/storage/EN6KSDJ4/appcasting.html:text/html}
},

@misc{code_project_code_????,
	title = {Code Generation 2008 Competition - {CodeProject}},
	url = {http://www.codeproject.com/Competitions/265/Code-Generation-2008-Competition.aspx},
	urldate = {2013-01-20},
	journal = {Code Project},
	author = {{Code Project}},
	howpublished = {{http://www.codeproject.com/Competitions/265/Code-Generation-2008-Competition.aspx}},
	file = {Code Generation 2008 Competition - CodeProject:/home/anthony/.zotero/zotero/hhbnqib2.default/zotero/storage/5ZE8QJ9P/Code-Generation-2008-Competition.html:text/html}
},

@misc{giulieri_minimalist_2011,
	title = {Minimalist Meta-Model for {CRUD} Applications - {CodeProject}},
	url = {http://www.codeproject.com/Articles/28636/Minimalist-Meta-Model-for-CRUD-Applications},
	urldate = {2013-01-20},
	journal = {Code Project},
	author = {Giulieri, Olivier},
	month = dec,
	year = {2011},
	howpublished = {{http://www.codeproject.com/Articles/28636/Minimalist-Meta-Model-for-CRUD-Applications}},
	file = {Minimalist Meta-Model for CRUD Applications - CodeProject:/home/anthony/.zotero/zotero/hhbnqib2.default/zotero/storage/FVQBT4AJ/Minimalist-Meta-Model-for-CRUD-Applications.html:text/html}
},

@misc{giulieri_evolutility_????,
	title = {Evolutility : Product},
	url = {http://www.evolutility.org/product/Product.aspx},
	urldate = {2013-01-20},
	author = {Giulieri, Olivier},
	howpublished = {{http://www.evolutility.org/product/Product.aspx}},
	file = {Evolutility : Product:/home/anthony/.zotero/zotero/hhbnqib2.default/zotero/storage/PXRTT8R5/Product.html:text/html}
},

@misc{wharton_actionbarsherlock_????,
	title = {{ActionBarSherlock} - Home},
	url = {http://actionbarsherlock.com/},
	urldate = {2013-01-21},
	author = {Wharton, Jake},
	howpublished = {http://actionbarsherlock.com/},
	file = {ActionBarSherlock - Home:/home/anthony/.zotero/zotero/hhbnqib2.default/zotero/storage/48J4ZB4B/actionbarsherlock.com.html:text/html}
},

@misc{google_baseactivity.java_????,
	title = {{BaseActivity.java} - iosched - Google {I/O} App for Android - Google Project Hosting},
	shorttitle = {{ActionbarSherlock} in Google code},
	url = {http://code.google.com/p/iosched/source/browse/android/src/com/google/android/apps/iosched/ui/BaseActivity.java},
	urldate = {2013-01-21},
	author = {{Google}},
	howpublished = {{http://code.google.com/p/iosched/source/browse/android/src/com/google/android/apps/iosched/ui/BaseActivity.java}},
	file = {BaseActivity.java - iosched - Google I/O App for Android - Google Project Hosting:/home/anthony/.zotero/zotero/hhbnqib2.default/zotero/storage/DZ33TRN3/BaseActivity.html:text/html}
},

@misc{oracle_java_????,
	title = {Java Persistence {API}},
	url = {http://www.oracle.com/technetwork/java/javaee/tech/persistence-jsp-140049.html},
	urldate = {2013-01-29},
	author = {{Oracle}},
	howpublished = {http://www.oracle.com/technetwork/java/javaee/tech/persistence-jsp-140049.html},
	file = {Java Persistence API:/home/anthony/.zotero/zotero/hhbnqib2.default/zotero/storage/DSMN8F6B/persistence-jsp-140049.html:text/html}
},

@misc{popovski_android-crud-code-generator_????,
	title = {android-crud-code-generator - Android {CRUD} Code Generator - Google Project Hosting},
	url = {http://code.google.com/p/android-crud-code-generator/},
	urldate = {2013-01-29},
	author = {Popovski, Zarko},
	howpublished = {http://code.google.com/p/android-crud-code-generator/},
	file = {android-crud-code-generator - Android CRUD Code Generator - Google Project Hosting:/home/anthony/.zotero/zotero/hhbnqib2.default/zotero/storage/EB83UIBW/android-crud-code-generator.html:text/html}
},

@misc{hinkle_phreeze_????,
	title = {Phreeze {\textbar} A {PHP5} {MVC+ORM} Framework and Application Generator},
	url = {http://phreeze.com/},
	urldate = {2013-01-29},
	author = {Hinkle, Jason},
	howpublished = {http://phreeze.com/},
	file = {Phreeze | A PHP5 MVC+ORM Framework and Application Generator:/home/anthony/.zotero/zotero/hhbnqib2.default/zotero/storage/RH88AS2T/phreeze.com.html:text/html}
},

@misc{openmobster_mobilizehibernate_????,
	title = {{MobilizeHibernate} - openmobster - {OpenMobster} - Open Source Mobile Enterprise Backend},
	url = {http://code.google.com/p/openmobster/wiki/MobilizeHibernate},
	urldate = {2013-01-29},
	author = {{Openmobster}},
	howpublished = {{http://code.google.com/p/openmobster/wiki/MobilizeHibernate}},
	file = {MobilizeHibernate - openmobster - OpenMobster - Open Source Mobile Enterprise Backend - Google Project Hosting:/home/anthony/.zotero/zotero/hhbnqib2.default/zotero/storage/9M2UHZVE/MobilizeHibernate.html:text/html}
},

@misc{jboss_community_hibernate_????,
	title = {Hibernate},
	url = {http://www.hibernate.org/},
	urldate = {2013-01-29},
	author = {{{JBoss} Community}},
	howpublished = {http://www.hibernate.org/},
	file = {Hibernate - JBoss Community:/home/anthony/.zotero/zotero/hhbnqib2.default/zotero/storage/JHAJ5UEH/www.hibernate.org.html:text/html}
},

@misc{_mysql_????-2,
	title = {{MySQL} :: {TIMESTAMP} Properties},
	url = {http://dev.mysql.com/doc/refman/4.1/en/timestamp.html},
	urldate = {2013-04-02},
	howpublished = {http://dev.mysql.com/doc/refman/4.1/en/timestamp.html},
	file = {MySQL :: MySQL 3.23, 4.0, 4.1 Reference Manual :: 10.3.1.2 TIMESTAMP Properties as of MySQL 4.1:/home/anthony/.zotero/zotero/hhbnqib2.default/zotero/storage/Z5KMGVFK/timestamp.html:text/html}
}